@article{boonkrong2012security,
  title   = {Security of passwords},
  author  = {Boonkrong, Sirapat},
  journal = {Information Technology Journal},
  volume  = {8},
  number  = {2},
  pages   = {112--117},
  year    = {2012}
}

@article{chanda2016password,
  title     = {Password security: an analysis of password strengths and vulnerabilities},
  author    = {Chanda, Katha},
  journal   = {International Journal of Computer Network and Information Security},
  volume    = {8},
  number    = {7},
  pages     = {23},
  year      = {2016},
  publisher = {Modern Education and Computer Science Press}
}

@article{ives2004domino,
  title     = {The domino effect of password reuse},
  author    = {Ives, Blake and Walsh, Kenneth R and Schneider, Helmut},
  journal   = {Communications of the ACM},
  volume    = {47},
  number    = {4},
  pages     = {75--78},
  year      = {2004},
  publisher = {ACM New York, NY, USA}
}

@article{yildirim2019encouraging,
  title     = {Encouraging users to improve password security and memorability},
  author    = {Y{\i}ld{\i}r{\i}m, M and Mackie, Ian},
  journal   = {International Journal of Information Security},
  volume    = {18},
  pages     = {741--759},
  year      = {2019},
  publisher = {Springer}
}



@Comment{jabref-meta: databaseType:biblatex;}
